@misc{Kerzner2017:utdb,
    title = {Utah population database workshop (workshop, {U}niversity of {U}tah)},
    howpublished={unpublished},
    year = {2017},
    author = {Kerzner, E. and {A. Lex} and Meyer, M.},
}

@misc{Lisle2017,
    title = {Arbor summit workshop (workshop, {U}niversity of {U}tah)},
    howpublished={unpublished},
    year = {2017},
    author = {Lisle, C. and Kerzner, E. and {A. Lex} and Meyer, M.},
}